<?xml version="1.0" encoding="UTF-8"?><collection xmlns="http://www.loc.gov/MARC21/slim"><record><leader>00378nam--2200133-i-4500</leader><controlfield tag="001">000016180</controlfield><controlfield tag="002">20161230</controlfield><controlfield tag="005">20161230201031</controlfield><controlfield tag="008">060222s1000------------r-----000-0-eng-d</controlfield><datafield ind1=" " ind2=" " tag="080"><subfield code="a">535.1:621.384.8(043)</subfield></datafield><datafield ind1=" " ind2=" " tag="100"><subfield code="a">Decamps, Edmond</subfield></datafield><datafield ind1=" " ind2=" " tag="245"><subfield code="a">Spectrometre a petit pour l`etude de l`extreme infre-rouge lointain. these</subfield></datafield><datafield ind1=" " ind2=" " tag="260"><subfield code="a">Nancy, Universite, 1963. 135 P</subfield></datafield><datafield ind1=" " ind2=" " tag="852"><subfield code="a">77040</subfield></datafield></record></collection>